% This file was created with JabRef 2.6.
% Encoding: UTF-8

% Website
@misc{alecrim_2013, title={O que é Tecnologia da Informação (TI)?}, url={https://www.infowester.com/ti.php}, journal={O que é Tecnologia da Informação (TI)?}, author={Alecrim, Emerson}, year={2013}, month={Mar}} 

% Website
@misc{data.ai, title={The State of Mobile 2021}, url={https://www.data.ai/en/go/state-of-mobile-2021/}, journal={Data.ai}, author={Data.ai}, year={2021}} 

% Website
@misc{mordor_intelligence_2021, author={Mordor Intelligence}, title={Mercado de Gerenciamento de Dispositivos Móveis: 2022 - 27: Participação da Indústria, Tamanho, Crescimento - Mordor Intelligence}, url={https://www.mordorintelligence.com/pt/industry-reports/mobile-device-management-market}, journal={Mercado de gerenciamento de dispositivos móveis | 2022 - 27 | Participação da indústria, tamanho, crescimento - Mordor Intelligence}, year={2021}} 

% Livro
@book{b2004mobile,
  title={Mobile computing principles: designing and developing mobile applications with UML and XML},
  author={B'far, Reza},
  year={2004},
  publisher={Cambridge University Press}
}

% Livro
@book{lee2005aplicaccoes,
  title={Aplica{\c{c}}{\~o}es m{\'o}veis: arquitetura, projeto e desenvolvimento},
  author={Lee, Valentino and Schneider, Heather and Schell, Robbie},
  year={2005},
  publisher={Pearson Makron Books}
}

% Website
@misc{appventurez,
  author = {Appventurez},
  title = {Introduction to MVVM Architecture in Flutter},
  url= {\url{https://www.appventurez.com/blog/introduction-mvvm-architecture-flutter}},
  year = {2021},
}

% Livro
@book{kotonya1998requirements,
  title={Requirements engineering: processes and techniques},
  author={Kotonya, Gerald and Sommerville, Ian},
  year={1998},
  publisher={John Wiley \& Sons}
}



% Website
@misc{laricchia_2022, title={Number of mobile devices worldwide 2020-2025}, url={https://www.statista.com/statistics/245501/multiple-mobile-device-ownership-worldwide/}, journal={Statista}, author={Laricchia, Federica}, year={2022}, month={Oct}} 

% Website
 @misc{intelligence_2023, title={Smartphones market - growth, trends, covid-19 impact, and forecasts (2023 - 2028)}, url={https://www.mordorintelligence.com/industry-reports/smartphones-market}, journal={Smartphones Market Report | Size, Share, Growth &amp; Trends (2022-27)}, publisher={Mordor Intelligence}, author={Intelligence, Mordor}, year={2023}} 

% Artigo
@article{borges2017analise,
title={A análise de usuários de smartphones: Android versus iOS},
author={Borges, João},
journal={Revista de Tecnologia da Informação},
volume={24},
number={3},
pages={12--18},
year={2017}
}

% Artigo
@article{ahvanooey2020survey,
  title={A survey on smartphones security: software vulnerabilities, malware, and attacks},
  author={Ahvanooey, Milad Taleby and Li, Qianmu and Rabbani, Mahdi and Rajput, Ahmed Raza},
  journal={arXiv preprint arXiv:2001.09406},
  year={2020},
  month = {01},
}

% Website
@article{stats2020mobile,
  title={Mobile Operating System Market Share Brazil| Statcounter Global Stats},
  author={StatCounter GlobalStats},
  journal={Retrieved June},
  volume={23},
  pages={2020},
  year={2020}
}

% Artigo
@article{leite2017comparativo,
  title={COMPARATIVO ENTRE SISTEMAS OPERACIONAIS M{\'O}VEIS--ANDROID X IOS},
  author={Leite, Alexandre Canosa and Macedo, Helena},
  year={2017}
}

% Artigo
@article{Marconi2021,
  author={Marconi, Alexandre Pinheiro and de Souza, Raimundo R. M. and de Almeida, Eduardo L. A. and de Lira, Marcelo A. R.},
  title={A Systematic Literature Review of Mobile Application Development: Trends, Challenges, and Opportunities},
  journal={IEEE Access},
  volume={9},
  pages={122949-122965},
  year={2021},
}

% Artigo
@article{Biswal2020,
  author={Biswal, S. and Rath, S. K. and Mohanty, S.},
  title={Mobile application testing: A comprehensive review of techniques and tools},
  journal={Journal of Systems and Software},
  volume={167},
  pages={110556},
  year={2020},
}

% Artigo
@article{Sarker2021,
  author={Sarker, A. and Alqahtani, F. and Alqahtani, M.},
  title={Comparison between hybrid and native app development for mobile platform},
  journal={Journal of Information Security and Applications},
  volume={60},
  pages={102634},
  year={2021},
}

% Artigo
@article{GuhaBanerjee2020,
author = {Guha, S. and Banerjee, A.},
title = {Flutter vs React Native: A Comparative Study},
journal = {Journal of Intelligent Systems},
volume = {29},
number = {2},
pages = {255-270},
year = {2020},
}

% Artigo
@article{Zhou2021,
author = {Zhou, M. and Zhang, Y. and Huang, L.},
title = {Flutter vs. React Native vs. Native: A Comparative Study},
journal = {Sensors},
volume = {21},
number = {2},
pages = {354},
year = {2021},
}

% Website
% @misc{flutter,
% title = {Flutter - Multi-platform development},
% author = {Google},
% howpublished = {\url{https://flutter.dev/multi-platform}},
% year = {2023},
% }

% Pesquisa cientiífica
@misc{fao2018future,
  title={The Future of Food and Agriculture – Alternative Pathways to 2050},
  author={{FAO}},
  year={2018},
  publisher={{FAO}},
  address={Roma},
  url={http://www.fao.org/3/i6583e/i6583e.pdf},
}

% Artigo
@article{lopez2019carbon,
  title={Carbon storage in a silvopastoral system compared to that in a deciduous dry forest in Michoacán, Mexico},
  author={L{\'o}pez-Santiago, Jos{\'e} G and Orozco-Hern{\'a}ndez, Mar{\'i}a E and N{\'a}var-Ch{\'a}vez, Isaac and Rodr{\'i}guez-Palacio, Mar{\'i}a C and Reyes-Muro, Luis F and P{\'e}rez-P{\'e}rez, Jos{\'e} R},
  journal={Agroforestry Systems},
  volume={93},
  number={1},
  pages={199--211},
  year={2019},
  publisher={Springer}
}

% Revista
@misc{embrapa_visao_2030,
title = {Visão 2030 - O futuro da agricultura brasileira},
author={{EMBRAPA}},
url = {https://www.embrapa.br/documents/10180/9543845/Visão+2030+-+o+futuro+da+agricultura+brasileira/2a9a0f27-0ead-991a-8cbf-af8e89d62829?version=1.1},
language = {pt-BR},
journal={Ministério da Agricultura, Pecuária e Abastecimento},
year={2018}
}

% Artigo
@article{tabatabai1969use,
  title={Use of p-nitrophenyl phosphate for assay of soil phosphatase activity},
  author={Tabatabai, M. A. and Bremner, J. M.},
  journal={Soil Biology and Biochemistry},
  volume={1},
  number={4},
  pages={301--307},
  year={1969},
  publisher={Elsevier}
}

% Artigo
@article{allison2010measurement,
  title={Measurement of enzymes in soil: a user's guide},
  author={Allison, Steven D and Jastrow, Julie D and Ivans, Cyd E},
  journal={Soil Biology and Biochemistry},
  volume={42},
  number={12},
  pages={1928--1935},
  year={2010},
  publisher={Elsevier}
}

% Artigo
@article{sinsabaugh2008stoichiometry,
  title={Stoichiometry of soil enzyme activity at global scale},
  author={Sinsabaugh, Robert L and Lauber, Christian L and Weintraub, Michael N and Ahmed, Bahar N and Allison, Steven D and Crenshaw, Chelsea and Contosta, Alexandra R and Cusack, Daniela and Frey, Serita and Gallo, Michele E and others},
  journal={Ecology Letters},
  volume={11},
  number={11},
  pages={1252--1264},
  year={2008},
  publisher={Wiley Online Library}
}

% Website
@misc{AngularMinds,
  author = "AngularMinds",
  title = "Comparison Between Hybrid Vs Native App",
  url = "\url{https://www.angularminds.com/blog/article/comparison-between-hybrid-vs-native-app.html}",
  year = "2022",
}

% Website
@misc{martin2005principles,
  title={Principles of OOD},
  author={Martin, Robert C},
  url = {\url{http://butunclebob.com/ArticleS.UncleBob.PrinciplesOfOod}},
  year={2005},
  month={May},
}

% Livro
@book{martin2008codigolimpo,
  title={Código Limpo: Habilidades Práticas do Agile Software},
  author={Martin, Robert C.},
  year={2008},
  publisher={Editora Bookman}
}

% Livro
@book{martin2018arquitetura,
  title={Arquitetura Limpa: O Guia do Artesão para Estrutura e Design de Software},
  author={Martin, Robert C},
  year={2018},
  publisher={Alta Books Editora}
}

% Livro
@book{pressman2016engenharia,
  title={Engenharia de Software: uma abordagem profissional},
  author={Pressman, Roger S},
  edition={8},
  year={2016},
  publisher={AMGH}
}

% Livro
@book{somerville2015engenharia,
  title={Engenharia de software},
  author={Somerville, Ian},
  year={2015},
  edition={9},
  publisher={Pearson}
}

% Livro
@book{myers2012art,
  title={The Art of Software Testing},
  author={Myers, Glenford J and Smedema, Lige and Turbitt, Tom},
  year={2012},
  publisher={John Wiley \& Sons}
}

% Livro
@book{martin2008agile,
  title={Agile software development: principles, patterns, and practices},
  author={Martin, Robert C},
  year={2008},
  publisher={Prentice Hall Professional}
}

% Livro
@book{sutherland2014scrum,
  title={SCRUM: A arte de fazer o dobro de trabalho na metade do tempo},
  author={Sutherland, Jeff},
  year={2014},
  publisher={Leya}
}

% Website
@misc{metodoagilKanban,
  title = "O que é Kanban?",
  author = "Método Ágil",
  url = "\url{https://www.metodoagil.com/o-que-e-kanban/}",
  year = "2017"
}

% Livro
@book{anderson2011kanban,
  title={Kanban: mudan{\c{c}}a evolucion{\'a}ria de sucesso para seu neg{\'o}cio de tecnologia},
  author={Anderson, David J},
  year={2011},
  publisher={Blue Hole Press}
}

% Livro
@book{fidel2003user,
  title={User-centered design: An integrated approach},
  author={Fidel, Steve},
  year={2003},
  publisher={Pearson Education}
}

% Livro
@book{pressman2016engenharia,
  title={Engenharia de software: uma abordagem profissional},
  author={Pressman, Roger},
  year={2016},
  edition={8},
  publisher={McGraw-Hill}
  chapter={6}
}

% Livro
@book{warfel2009prototyping,
  title={Prototyping: A Practitioner's Guide},
  author={Warfel, Todd Zaki},
  year={2009},
  publisher={Rosenfeld Media}
}

% Artigo
@article{Bertoli2021,
author = {Bertoli, Annalisa and Cervo, Andrea and Rosati, Carlo and Fantuzzi, Cesare},
year = {2021},
month = {02},
pages = {1624},
title = {Smart Node Networks Orchestration: A New E2E Approach for Analysis and Design for Agile 4.0 Implementation},
volume = {21},
journal = {Sensors},
doi = {10.3390/s21051624}
}

% Livro
@book{sommerville2011software,
  title={Software engineering},
  author={Sommerville, Ian},
  year={2011},
  publisher={Pearson Education Limited}
}

% Website
@misc{flutterando_clean_dart,
  author = {Flutterando},
  title = {{Clean Dart}},
  year = {2021},
  url = {\url{https://github.com/Flutterando/Clean-Dart}},
}

% Misc
@incollection{tabatabai1994soil,
  title={Soil enzymes},
  author={Tabatabai, M A},
  booktitle={Methods of soil analysis: Part 2. Microbiological and biochemical properties},
  pages={775--833},
  year={1994},
  publisher={Soil Science Society of America, Inc}
}

% artigo
@article{nascimento2017impacto,
  title={Impacto das tecnologias nas instituições de pesquisa científica em agronomia},
  author={Nascimento, E. L. and Oliveira, E. B. and Silva, F. H. A. and Pimenta, J. M. and Barbosa, R. C. and Silva, V. A.},
  journal={Revista Brasileira de Ciências Agrárias},
  volume={12},
  number={2},
  pages={143--150},
  year={2017}
}